<?xml version="1.0" encoding="UTF-8"?><record xmlns="http://www.loc.gov/MARC21/slim" xmlns:cinclude="http://apache.org/cocoon/include/1.0" xmlns:zs="http://www.loc.gov/zing/srw/">
  <leader>00841cz  a2200205n  4500</leader>
  <controlfield tag="001">n  86861618 </controlfield>
  <controlfield tag="003">DLC</controlfield>
  <controlfield tag="005">20141209094506.0</controlfield>
  <controlfield tag="008">861030n| azannaabn          |a ana      </controlfield>
  <datafield tag="010" ind1=" " ind2=" ">
    <subfield code="a">n  86861618 </subfield>
  </datafield>
  <datafield tag="040" ind1=" " ind2=" ">
    <subfield code="a">DLC</subfield>
    <subfield code="b">eng</subfield>
    <subfield code="e">rda</subfield>
    <subfield code="c">DLC</subfield>
    <subfield code="d">DLC</subfield>
    <subfield code="d">DNGA</subfield>
    <subfield code="d">DLC</subfield>
  </datafield>
  <datafield tag="110" ind1="2" ind2=" ">
    <subfield code="a">Museo civico di Lucera</subfield>
  </datafield>
  <datafield tag="410" ind1="1" ind2="0">
    <subfield code="a">Lucera (Italy).</subfield>
    <subfield code="b">Museo civico</subfield>
  </datafield>
  <datafield tag="410" ind1="2" ind2="0">
    <subfield code="a">Museo civico "Fiorelli"</subfield>
  </datafield>
  <datafield tag="410" ind1="2" ind2="0">
    <subfield code="a">Museo civico G. Fiorelli</subfield>
  </datafield>
  <datafield tag="410" ind1="2" ind2=" ">
    <subfield code="a">Museo civico G. Fiorelli di Lucera</subfield>
  </datafield>
  <datafield tag="670" ind1=" " ind2=" ">
    <subfield code="a">nuc86-98335: Fazia, G.M. I musei archeologici della provincia di Foggia, c1984</subfield>
    <subfield code="b">(hdg. on CU rept.: Museo civico di Lucera)</subfield>
  </datafield>
  <datafield tag="670" ind1=" " ind2=" ">
    <subfield code="a">Franco Fossa, c1994:</subfield>
    <subfield code="b">t.p. (Museo civico G. Fiorelli, Lucera)</subfield>
  </datafield>
  <datafield tag="670" ind1=" " ind2=" ">
    <subfield code="a">Giuseppe Cavalli, c1998:</subfield>
    <subfield code="b">p. 2 (Museo civico "Fiorelli")</subfield>
  </datafield>
  <datafield tag="670" ind1=" " ind2=" ">
    <subfield code="a">Ritratti e statue iconiche di etaĚ romana nel Museo civico G. Fiorelli di Lucera, 1999.</subfield>
  </datafield>
</record>